@book{Corman,
    author    = "Thomas Corman",
    title     = "Algorithms Unlocked",
    year      = "1993",
    publisher = "Addison-Wesley",
    address   = "Reading, Massachusetts"
}

@article{Atharvaveda,
  author =       "Rishis",
  title =        
                 "[Different techniques of calculation](originally in Sanskrit)",
  journal =      "Recreational Math",
  volume =       "322",
  number =       "10",
  pages =        "891567--921990",
  year =         "1100 BC",
  note =  \url{http://www.vedamu.org/Veda/1795$Vedic_Mathematics_Methods.pdf},

